<record><leader>00000cas a2200000 a 4500</leader><controlfield tag="001">31757754</controlfield><controlfield tag="007">hd bfu---baat</controlfield><controlfield tag="007">hd afu---bact</controlfield><controlfield tag="008">950103d194919uunbuwr nea     0    0eng d</controlfield><datafield ind1=" " ind2=" " tag="010"><subfield code="a">sn 94061445 </subfield></datafield><datafield ind1=" " ind2=" " tag="040"><subfield code="a">NVG</subfield><subfield code="b">eng</subfield><subfield code="c">NVG</subfield><subfield code="d">OCL</subfield><subfield code="d">OCLCQ</subfield><subfield code="d">OCLCF</subfield><subfield code="d">OCLCO</subfield><subfield code="d">OCLCQ</subfield></datafield><datafield ind1=" " ind2=" " tag="042"><subfield code="a">msc</subfield></datafield><datafield ind1=" " ind2=" " tag="043"><subfield code="a">n-us-nb</subfield></datafield><datafield ind1="0" ind2=" " tag="130"><subfield code="a">Panhandle press (Big Springs, Neb.)</subfield></datafield><datafield ind1="1" ind2="0" tag="245"><subfield code="a">Panhandle press.</subfield></datafield><datafield ind1=" " ind2=" " tag="260"><subfield code="a">Big Springs, Neb. :</subfield><subfield code="b">E.E. Brown,</subfield><subfield code="c">1949-</subfield></datafield><datafield ind1=" " ind2=" " tag="300"><subfield code="a">volumes</subfield></datafield><datafield ind1=" " ind2=" " tag="310"><subfield code="a">Weekly</subfield></datafield><datafield ind1=" " ind2=" " tag="336"><subfield code="a">text</subfield><subfield code="b">txt</subfield><subfield code="2">rdacontent</subfield></datafield><datafield ind1=" " ind2=" " tag="337"><subfield code="a">microform</subfield><subfield code="b">h</subfield><subfield code="2">rdamedia</subfield></datafield><datafield ind1=" " ind2=" " tag="338"><subfield code="a">microfilm reel</subfield><subfield code="b">hd</subfield><subfield code="2">rdacarrier</subfield></datafield><datafield ind1="0" ind2=" " tag="362"><subfield code="a">No. 1, vol. 1 (Aug. 5, 1949)-</subfield></datafield><datafield ind1=" " ind2=" " tag="515"><subfield code="a">Sept. 2, 1949 issue called no. 6, vol. 20, continuing numbering of Deuel County herald.</subfield></datafield><datafield ind1=" " ind2=" " tag="515"><subfield code="a">Sept. 9 and 16, 1949 issues called vol. 21 (no issue numbering).</subfield></datafield><datafield ind1=" " ind2=" " tag="515"><subfield code="a">Issues for Sept. 23, 1949- called vol. 21, no. 9-</subfield></datafield><datafield ind1=" " ind2=" " tag="533"><subfield code="a">Microfilm.</subfield><subfield code="m">Aug. 5,1949-Sept. 21,1950.</subfield><subfield code="b">Lincoln, Neb. :</subfield><subfield code="c">Nebraska State Historical Society.</subfield><subfield code="e">1 microfilm reel ; 35 mm.</subfield></datafield><datafield ind1=" " ind2="0" tag="651"><subfield code="a">Deuel County (Neb.)</subfield><subfield code="v">Newspapers.</subfield></datafield><datafield ind1=" " ind2="7" tag="651"><subfield code="a">Nebraska</subfield><subfield code="z">Deuel County.</subfield><subfield code="2">fast</subfield><subfield code="0">(OCoLC)fst01252603</subfield></datafield><datafield ind1=" " ind2="7" tag="655"><subfield code="a">Newspapers.</subfield><subfield code="2">fast</subfield><subfield code="0">(OCoLC)fst01423814</subfield></datafield><datafield ind1=" " ind2=" " tag="752"><subfield code="a">United States</subfield><subfield code="b">Nebraska</subfield><subfield code="c">Deuel</subfield><subfield code="d">Big Springs.</subfield></datafield><datafield ind1="0" ind2="0" tag="780"><subfield code="t">Deuel County herald</subfield><subfield code="w">(DLC)sn 94061443</subfield></datafield><datafield ind1="0" ind2="5" tag="780"><subfield code="t">Lodge Pole express</subfield><subfield code="w">(DLC)sn 94061448</subfield></datafield><datafield ind1="1" ind2=" " tag="029"><subfield code="a">AU@</subfield><subfield code="b">000011501322</subfield></datafield></record>